<?xml version="1.0" encoding="UTF-8"?><collection xmlns="http://www.loc.gov/MARC21/slim"><record><leader>00539nam--2200193-u-4500</leader><controlfield tag="001">000054068</controlfield><controlfield tag="002">20161230</controlfield><controlfield tag="005">20161230201051</controlfield><controlfield tag="008">110801s1000------------r-----000-0-rus-d</controlfield><datafield ind1=" " ind2=" " tag="040"><subfield code="a">IFIN-HH</subfield></datafield><datafield ind1=" " ind2=" " tag="041"><subfield code="a">rus</subfield></datafield><datafield ind1=" " ind2=" " tag="080"><subfield code="a">537.222.22</subfield></datafield><datafield ind1="1" ind2=" " tag="100"><subfield code="a">Dienys, V</subfield></datafield><datafield ind1="1" ind2="0" tag="245"><subfield code="a">Mnogodolinnie poluprovodniki</subfield><subfield code="c">V. dienys, z. kancleris, a. matulionis, j. pozela, a. reklaitis, a. sileika, r. tolutis</subfield></datafield><datafield ind1=" " ind2=" " tag="260"><subfield code="a">Vilnius</subfield><subfield code="b">Mokslas</subfield><subfield code="c">1978</subfield></datafield><datafield ind1=" " ind2=" " tag="300"><subfield code="a">201P</subfield></datafield><datafield ind1="1" ind2=" " tag="700"><subfield code="a">Tolutis, R</subfield></datafield><datafield ind1=" " ind2=" " tag="852"><subfield code="a">75272</subfield><subfield code="c">537.311.33</subfield></datafield><datafield ind1=" " ind2=" " tag="CAT"><subfield code="a">Sys</subfield><subfield code="c">20110801</subfield><subfield code="h">150958</subfield></datafield></record></collection>